@MISC {suitetwo,
    author       = "{Janelle Mon\'ae}",
    title        = "{Suite II Overture}",
    howpublished = "{Wondaland Arts Society and Bad Boy Records}",
    month        = "{may}",
    year         = "{2010}",
    note         = "{(2:31) Track 1, The ArchAndroid: Suite II}"
}

@MISC {danceordie,
    author       = "{Janelle Mon\'ae and Saul Williams}",
    title        = "{Dance or Die}",
    howpublished = "{Wondaland Arts Society and Bad Boy Records}",
    month        = "{may}",
    year         = "{2010}",
    note         = "{(3:12) Track 2, The ArchAndroid: Suite II}"
}

@MISC {faster,
    author       = "{Janelle Mon\'ae}",
    title        = "{Faster}",
    howpublished = "{Wondaland Arts Society and Bad Boy Records}",
    month        = "{may}",
    year         = "{2010}",
    note         = "{(3:19) Track 3, The ArchAndroid: Suite II}"
}

@MISC {lockedinside,
    author       = "{Janelle Mon\'ae}",
    title        = "{Locked Inside}",
    howpublished = "{Wondaland Arts Society and Bad Boy Records}",
    month        = "{may}",
    year         = "{2010}",
    note         = "{(4:16) Track 4, The ArchAndroid: Suite II}"
}

@MISC {greendown,
    author       = "{Janelle Mon\'ae}",
    title        = "{Sir Greendown}",
    howpublished = "{Wondaland Arts Society and Bad Boy Records}",
    month        = "{may}",
    year         = "{2010}",
    note         = "{(2:14) Track 5, The ArchAndroid: Suite II}"
}

@MISC {coldwar,
    author       = "{Janelle Mon\'ae}",
    title        = "{Cold War}",
    howpublished = "{Wondaland Arts Society and Bad Boy Records}",
    month        = "{may}",
    year         = "{2010}",
    note         = "{(3:23) Track 6, The ArchAndroid: Suite II}"
}

@MISC {tightrope,
    author       = "{Janelle Mon\'ae and Big Boi}",
    title        = "{Tightrope}",
    howpublished = "{Wondaland Arts Society and Bad Boy Records}",
    month        = "{may}",
    year         = "{2010}",
    note         = "{(4:22) Track 7, The ArchAndroid: Suite II}"
}

@MISC {neongumbo,
    author       = "{Janelle Mon\'ae}",
    title        = "{Neon Gumbo}",
    howpublished = "{Wondaland Arts Society and Bad Boy Records}",
    month        = "{may}",
    year         = "{2010}",
    note         = "{(1:37) Track 8, The ArchAndroid: Suite II}"
}

@MISC {ohmaker,
    author       = "{Janelle Mon\'ae}",
    title        = "{Oh Maker}",
    howpublished = "{Wondaland Arts Society and Bad Boy Records}",
    month        = "{may}",
    year         = "{2010}",
    note         = "{(3:46) Track 9, The ArchAndroid: Suite II}"
}

@MISC {roses,
    author       = "{Janelle Mon\'ae}",
    title        = "{Come Alive (The War of the Roses)}",
    howpublished = "{Wondaland Arts Society and Bad Boy Records}",
    month        = "{may}",
    year         = "{2010}",
    note         = "{(3:22) Track 10, The ArchAndroid: Suite II}"
}

@MISC {mushrooms,
    author       = "{Janelle Mon\'ae}",
    title        = "{Mushrooms \& Roses}",
    howpublished = "{Wondaland Arts Society and Bad Boy Records}",
    month        = "{may}",
    year         = "{2010}",
    note         = "{(5:42) Track 11, The ArchAndroid: Suite II}"
}

@MISC {suitethree,
    author       = "{Janelle Mon\'ae}",
    title        = "{Suite III Overture}",
    howpublished = "{Wondaland Arts Society and Bad Boy Records}",
    month        = "{may}",
    year         = "{2010}",
    note         = "{(1:41) Track 12, The ArchAndroid: Suite III}"
}

@MISC {neonvalleystreet,
    author       = "{Janelle Mon\'ae}",
    title        = "{Neon Valley Street}",
    howpublished = "{Wondaland Arts Society and Bad Boy Records}",
    month        = "{may}",
    year         = "{2010}",
    note         = "{(4:11) Track 13, The ArchAndroid: Suite III}"
}

@MISC {makethebus,
    author       = "{Janelle Mon\'ae and Of Montreal}",
    title        = "{Make the Bus}",
    howpublished = "{Wondaland Arts Society and Bad Boy Records}",
    month        = "{may}",
    year         = "{2010}",
    note         = "{(3:19) Track 14, The ArchAndroid: Suite III}"
}

@MISC {wondaland,
    author       = "{Janelle Mon\'ae}",
    title        = "{Wondaland}",
    howpublished = "{Wondaland Arts Society and Bad Boy Records}",
    month        = "{may}",
    year         = "{2010}",
    note         = "{(3:36) Track 15, The ArchAndroid: Suite III}"
}

@MISC {fiveseveneighttwoone,
    author       = "{Janelle Mon\'ae and Deep Cotton}",
    title        = "{57821}",
    howpublished = "{Wondaland Arts Society and Bad Boy Records}",
    month        = "{may}",
    year         = "{2010}",
    note         = "{(3:16) Track 16, The ArchAndroid: Suite III}"
}

@MISC {sayyouwillgo,
    author       = "{Janelle Mon\'ae}",
    title        = "{Say You'll Go}",
    howpublished = "{Wondaland Arts Society and Bad Boy Records}",
    month        = "{may}",
    year         = "{2010}",
    note         = "{(6:01) Track 17, The ArchAndroid: Suite III}"
}

@MISC {babopbyeya,
    author       = "{Janelle Mon\'ae}",
    title        = "{BabopbyeYa}",
    howpublished = "{Wondaland Arts Society and Bad Boy Records}",
    month        = "{may}",
    year         = "{2010}",
    note         = "{(8:47) Track 18, The ArchAndroid: Suite III}"
}


