@article{collins,
 ISSN = {00979740, 15456943},
 URL = {http://www.jstor.org/stable/3174683},
 author = {Patricia Hill Collins},
 journal = {Signs},
 number = {4},
 pages = {745-773},
 publisher = {University of Chicago Press},
 title = {The Social Construction of Black Feminist Thought},
 volume = {14},
 year = {1989}
}

@article{spillers,
 ISSN = {03007162, 10806539},
 URL = {http://www.jstor.org/stable/464747},
 author = {Hortense J. Spillers},
 journal = {Diacritics},
 number = {2},
 pages = {65-81},
 publisher = {Johns Hopkins University Press},
 title = {Mama's Baby, Papa's Maybe: An American Grammar Book},
 volume = {17},
 year = {1987}
}

@article{crenshaw,
  title={Demarginalizing the intersection of race and sex: A black feminist critique of antidiscrimination doctrine, feminist theory and antiracist politics},
  author={Kimberle Crenshaw},
  journal={U. Chi. Legal F.},
  pages={139},
  year={1989},
  publisher={HeinOnline}
}



@article{smith,
 author = {Barbara Smith},
 journal = "{Frontiers: A Journal of Women Studies}",
 number = {1},
 pages = {48-49},
 publisher = "{University of Nebraska Press}",
 title = "{Racism and Women's Studies}",
 volume = {5},
 year = {1980}
}

@misc{truth,
		title="{Ain't I a Woman?}",
		year="1851",
		author="Sojourner Truth",
		journal="{1851 Women's Convention in Akron, Ohio}"
}




