@MISC {suitefour,
    author       = "{Janelle Mon\'ae}",
    title        = "{Suite IV Electric Overture}",
    howpublished = "{Wondaland Arts Society and Bad Boy Records}",
    month        = "{sep}",
    year         = "{2013}",
    note         = "{(1:37) Track 1, The Electric Lady: Suite IV}"
}

@MISC {whattheylove,
    author       = "{Janelle Mon\'ae and Prince}",
    title        = "{Givin' Em What They Love}",
    howpublished = "{Wondaland Arts Society and Bad Boy Records}",
    month        = "{sep}",
    year         = "{2013}",
    note         = "{(4:26) Track 2, The Electric Lady: Suite IV}"
}

@MISC {queen,
    author       = "{Janelle Mon\'ae and Erykah Badu}",
    title        = "{Q.U.E.E.N.}",
    howpublished = "{Wondaland Arts Society and Bad Boy Records}",
    month        = "{sep}",
    year         = "{2013}",
    note         = "{(5:10) Track 3, The Electric Lady: Suite IV}"
}

@MISC {electriclady,
    author       = "{Janelle Mon\'ae}",
    title        = "{Electric Lady}",
    howpublished = "{Wondaland Arts Society and Bad Boy Records}",
    month        = "{sep}",
    year         = "{2013}",
    note         = "{(5:08) Track 4, The Electric Lady: Suite IV}"
}

@MISC {goodmorningmidnight,
    author       = "{Janelle Mon\'ae}",
    title        = "{Good Morning Midnight (Interlude)}",
    howpublished = "{Wondaland Arts Society and Bad Boy Records}",
    month        = "{sep}",
    year         = "{2013}",
    note         = "{(1:22) Track 5, The Electric Lady: Suite IV}"
}

@MISC {primetime,
    author       = "{Janelle Mon\'ae and Miguel}",
    title        = "{PrimeTime}",
    howpublished = "{Wondaland Arts Society and Bad Boy Records}",
    month        = "{sep}",
    year         = "{2013}",
    note         = "{(4:40) Track 6, The Electric Lady: Suite IV}"
}

@MISC {wewererockandroll,
    author       = "{Janelle Mon\'ae}",
    title        = "{We Were Rock \& Roll}",
    howpublished = "{Wondaland Arts Society and Bad Boy Records}",
    month        = "{sep}",
    year         = "{2013}",
    note         = "{(4:19) Track 7, The Electric Lady: Suite IV}"
}

@MISC {chromeshoppe,
    author       = "{Janelle Mon\'ae}",
    title        = "{The Chrome Shoppe (Interlude)}",
    howpublished = "{Wondaland Arts Society and Bad Boy Records}",
    month        = "{sep}",
    year         = "{2013}",
    note         = "{(1:10) Track 8, The Electric Lady: Suite IV}"
}

@MISC {danceapocalyptic,
    author       = "{Janelle Mon\'ae}",
    title        = "{Dance Apocalyptic}",
    howpublished = "{Wondaland Arts Society and Bad Boy Records}",
    month        = "{sep}",
    year         = "{2013}",
    note         = "{(3:25) Track 9, The Electric Lady: Suite IV}"
}

@MISC {lookintomyeyes,
    author       = "{Janelle Mon\'ae}",
    title        = "{ Apocalyptic}",
    howpublished = "{Wondaland Arts Society and Bad Boy Records}",
    month        = "{sep}",
    year         = "{2013}",
    note         = "{(2:18) Track 10, The Electric Lady: Suite IV}"
}

@MISC {suitefive,
    author       = "{Janelle Mon\'ae}",
    title        = "{Suite V Electric Overture}",
    howpublished = "{Wondaland Arts Society and Bad Boy Records}",
    month        = "{sep}",
    year         = "{2013}",
    note         = "{(2:20) Track 11, The Electric Lady: Suite V}"
}

@MISC {itscode,
    author       = "{Janelle Mon\'ae}",
    title        = "{It's Code}",
    howpublished = "{Wondaland Arts Society and Bad Boy Records}",
    month        = "{sep}",
    year         = "{2013}",
    note         = "{(4:05) Track 12, The Electric Lady: Suite V}"
}

@MISC {ghettowoman,
    author       = "{Janelle Mon\'ae}",
    title        = "{Ghetto Woman}",
    howpublished = "{Wondaland Arts Society and Bad Boy Records}",
    month        = "{sep}",
    year         = "{2013}",
    note         = "{(4:46) Track 13, The Electric Lady: Suite V}"
}

@MISC {ourfavoritefugitive,
    author       = "{Janelle Mon\'ae}",
    title        = "{Our Favorite Fugitive (Interlude)}",
    howpublished = "{Wondaland Arts Society and Bad Boy Records}",
    month        = "{sep}",
    year         = "{2013}",
    note         = "{(1:23) Track 14, The Electric Lady: Suite V}"
}

@MISC {victory,
    author       = "{Janelle Mon\'ae}",
    title        = "{Victory}",
    howpublished = "{Wondaland Arts Society and Bad Boy Records}",
    month        = "{sep}",
    year         = "{2013}",
    note         = "{(4:12) Track 15, The Electric Lady: Suite V}"
}

@MISC {withoutyourlove,
    author       = "{Janelle Mon\'ae}",
    title        = "{Can't Live Without Your Love}",
    howpublished = "{Wondaland Arts Society and Bad Boy Records}",
    month        = "{sep}",
    year         = "{2013}",
    note         = "{(3:54) Track 16, The Electric Lady: Suite V}"
}

@MISC {sallyride,
    author       = "{Janelle Mon\'ae}",
    title        = "{Sally Ride}",
    howpublished = "{Wondaland Arts Society and Bad Boy Records}",
    month        = "{sep}",
    year         = "{2013}",
    note         = "{(4:08) Track 17, The Electric Lady: Suite V}"
}

@MISC {dandridgeeyes,
    author       = "{Janelle Mon\'ae and Esperanza Spalding}",
    title        = "{Dorothy Dandridge Eyes}",
    howpublished = "{Wondaland Arts Society and Bad Boy Records}",
    month        = "{sep}",
    year         = "{2013}",
    note         = "{(4:15) Track 18, The Electric Lady: Suite V}"
}

@MISC {whatanexperience,
    author       = "{Janelle Mon\'ae}",
    title        = "{What an Experience}",
    howpublished = "{Wondaland Arts Society and Bad Boy Records}",
    month        = "{sep}",
    year         = "{2013}",
    note         = "{(4:57) Track 19, The Electric Lady: Suite V}"
}

@MISC {hellyoutalmbout,
    author       = "{Janelle Mon\'ae}",
    title        = "{Hell You Talmbout}",
    howpublished = "{Wondaland Arts Society and Bad Boy Records}",
    month        = "{sep}",
    year         = "{2013}",
    note         = "{(4:57) Track 19, The Electric Lady Target Exclusive Edition Bonus Track}"
}