@MISC {metropolis,
    author = "Murnau Stiftung",
    title  = "Metropolis 1927: Summary and Credits",
    url    = "http://www.metropolis1927.com/#synopsis"
}

@MISC {joeyguerra2010,
    author = "Joey Guerra",
    title  = "Janelle Mon√°e: Deconstructing The ArchAndroid",
    month  = "jun",
    year   = "2010",
    url    = "http://blog.chron.com/peep/2010/06/janelle-monae-deconstructing-the-archandroid"
}

@ARTICLE {collins2009,
    author  = "Patricia Hill Collins",
    title   = "Black Feminist Thought in the Matrix of Domination",
    journal = "Nonviolence for a Change: Training",
    year    = "2009",
    pages   = "4-5",
    note    = "http://www.hartford-hwp.com/archives/45a/252.html"
}

@MISC {polkadottedstripe,
    author       = "{Jaspects}",
    title        = "{Polkadotted Stripes}",
    year         = "{2009}",
    note         = "{(8:00) Track 3, The Polkadotted Stripe}"
}

@MISC {peachtreeblues,
    author       = "{Jaspects and Janelle Mon\'ae}",
    title        = "{Peachtree Blues}",
    year         = "{2007}",
    note         = "{(4:21) Broadcasting The Definition}"
}

@MISC {myfirstlove,
	author       = "{Jaspects and Janelle Mon\'ae}",
    title        = "{My First Love}",
    year         = "{2005}",
    note         = "{(3:58) In House Sessions}"
}