@MISC {wolfmasters,
    author       = "{Janelle Mon\'ae}",
    title        = "{March of the Wolfmasters}",
    howpublished = "{Bad Boy Records}",
    month        = "{aug}",
    year         = "{2007}",
    note         = "{(1:27) Track 1, Metropolis: Suite I (The Chase})"
}

@MISC {happyhunting,
    author       = "{Janelle Mon\'ae and The Skunks}",
    title        = "{Violet Stars Happy Hunting!!!}",
    howpublished = "{Bad Boy Records}",
    month        = "{aug}",
    year         = "{2007}",
    note         = "{(3:13) Track 2, Metropolis: Suite I (The Chase})"
}

@MISC {manymoons,
    author       = "Janelle Mon\'ae",
    title        = "{Many Moons}",
    howpublished = "{Bad Boy Records}",
    month        = "{aug}",
    year         = "{2007}",
    note         = "{(5:34) Track 3, Metropolis: Suite I (The Chase})"
}

@MISC {cybertonicpurgatory,
    author       = "{Janelle Mon\'ae}",
    title        = "{Cybertonic Purgatory}",
    howpublished = "{Bad Boy Records}",
    month        = "{aug}",
    year         = "{2007}",
    note         = "{(1:40) Track 4, Metropolis: Suite I (The Chase})"
}

@MISC {sincerelyjane,
    author       = "{Janelle Mon\'ae}",
    title        = "{Sincerely, Jane.}",
    howpublished = "{Bad Boy Records}",
    month        = "{aug}",
    year         = "{2007}",
    note         = "{(5:36) Track 5, Metropolis: Suite I (The Chase})"
}

@MISC {mrpresident,
    author       = "{Janelle Mon\'ae}",
    title        = "{Mr. President}",
    howpublished = "{Bad Boy Records}",
    month        = "{aug}",
    year         = "{2008}",
    note         = "{(4:59) Track 6, Metropolis: Suite I (The Chase) [Special Edition 2008]}"
}

@MISC {smile,
    author       = "{Janelle Mon\'ae}",
    title        = "{Smile}",
    howpublished = "{Bad Boy Records}",
    month        = "{aug}",
    year         = "{2008}",
    note         = "{(3:58) Track 7, Metropolis: Suite I (The Chase) [Special Edition 2008]}"
}